@Article{Aagaard95,
  author =       {C. Aagaard and J. Z. Dalgaard and R. A. Garrett},
  title =        {Intercellular Mobility and Homing of an Archaeal {rDNA} Intron Confers a Selective Advantage Over Intron Cells of Sulfolobus Acidocaldarius},
  journal =      {Proc Natl Acad Sci U S A.},
  year =         1995,
  volume =       92,
  pages =        {12285--12289},
  OPTfiled  =    {},
  OPTmynote =    {},
  OPTpmid =      8618886,
}
@Article{Adam17,
  author =       {P. S. Adam and G. Borrel and C. Brochier-Armanet and S. Gribaldo},
  title =        {The Growing Tree of Archaea: new Perspectives on Their Diversity, Evolution and Ecology},
  journal =      {ISME J.},
  year =         2017,
  volume =       -1,
  pages =        {-1},
  OPTfiled  =    {},
  OPTmynote =    {},
  OPTpmid =      28777382,
}
@Article{Baker16,
  author =       {B. J. Baker and J. H. Saw and A. E. Lind and C. S. Lazar and K. U. Hinrichs and A. P. Teske and T. J. Ettema},
  title =        {Genomic Inference of the Metabolism of Cosmopolitan Subsurface Archaea, Hadesarchaea},
  journal =      {Nat Microbiol.},
  year =         2016,
  volume =       1,
  pages =        {16002},
  OPTfiled  =    {},
  OPTmynote =    {},
  OPTpmid =      27572167,
}
@Article{Belfort97,
  author =       {M. Belfort and R. J. Roberts},
  title =        {Homing Endonucleases: Keeping the House in Order},
  journal =      {Nucleic Acids Res.},
  year =         1997,
  volume =       25,
  pages =        {3379--3388},
  OPTfiled  =    {},
  OPTmynote =    {},
  OPTpmid =      9254693,
}
@Article{Burke88,
  author =       {J. M. Burke},
  title =        {Molecular Genetics of Group I Introns: {RNA} Structures and Protein Factors Required for Splicing--a Review},
  journal =      {Gene.},
  year =         1988,
  volume =       73,
  pages =        {273--294},
  OPTfiled  =    {},
  OPTmynote =    {},
  OPTpmid =      3072260,
}
@Article{Cannone02,
  author =       {J. J. Cannone and S. Subramanian and M. N. Schnare and J. R. Collett and L. M. D'Souza and Y. Du and B. Feng and N. Lin and L. V. Madabusi and K. M. Muller and N. Pande and Z. Shang and N. Yu and R. R. Gutell},
  title =        {The Comparative {RNA} web {(CRW)} Site: an Online Database of Comparative Sequence and Structure Information for Ribosomal, Intron, and Other {RNAs}},
  journal =      {BMC Bioinformatics.},
  year =         2002,
  volume =       3,
  pages =        {2},
  OPTfiled  =    {},
  OPTmynote =    {},
  OPTpmid =      11869452,
}
@Article{Castelle15,
  author =       {C. J. Castelle and K. C. Wrighton and B. C. Thomas and L.A. Hug and C. T. Brown and M. J. Wilkins and K. R. Frischkorn and S. G. Tringe and A. Singh and L. M. Markillie and R. C. Taylor and K. H. Williams and J. F. Banfield},
  title =        {Genomic expansion of domain archaea highlights roles for organisms from new phyla in anaerobic carbon cycling},
  journal =      {Curr Biol.},
  year =         2015,
  volume =       25,
  pages =        {690--701},
  OPTfiled  =    {},
  OPTmynote =    {},
}
@Article{Cech82,
  author =       {K. Kruger and P. J. Grabowski and A. J. Zaug and J. Sands and D. E. Gottschling and T. R. Cech},
  title =        {Self-Splicing {RNA:} Autoexcision and Autocyclization of the Ribosomal {RNA} Intervening Sequence of Tetrahymena},
  journal =      {Cell.},
  year =         1982,
  volume =       31,
  pages =        {147--157},
  OPTfiled  =    {},
  OPTmynote =    {},
  OPTpmid =      6297745,
}
@Article{Cech88,
  author =       {T. R. Cech},
  title =        {Conserved Sequences and Structures of Group I Introns: Building an Active Site for {RNA} Catalysis--a Review},
  journal =      {Gene.},
  year =         1988,
  volume =       73,
  pages =        {259--271},
  OPTfiled  =    {},
  OPTmynote =    {},
  OPTpmid =      3072259,
}
@Article{Cech90,
  author =       {T. R. Cech},
  title =        {Self-Splicing of Group I Introns},
  journal =      {Annu Rev Biochem.},
  year =         1990,
  volume =       59,
  pages =        {543--568},
  OPTfiled  =    {},
  OPTmynote =    {},
  OPTpmid =      2197983,
}
@Article{Fabbri98,
  author =       {S. Fabbri and P. Fruscoloni and E. Bufardeci and E. Di Nicola Negri and M. I. Baldi and D. G. Attardi and E. Mattoccia and G. P. Tocchini-Valentini},
  title =        {Conservation of Substrate Recognition Mechanisms by {tRNA} Splicing Endonucleases},
  journal =      {Science.},
  year =         1998,
  volume =       280,
  pages =        {284--286},
  OPTfiled  =    {},
  OPTmynote =    {},
  OPTpmid =      9535657,
}
@Article{Goddard99,
  author =       {M. R. Goddard and A. Burt},
  title =        {Recurrent Invasion and Extinction of a Selfish Gene},
  journal =      {Proc Natl Acad Sci U S A.},
  year =         1999,
  volume =       96,
  pages =        {13880--13885},
  OPTfiled  =    {},
  OPTmynote =    {},
  OPTpmid =      10570167,
}
@Article{Greer84,
  author =       {C. L. Greer and J. Abelson},
  title =        {RNA Splicing: rearrangement of RNA sequences in the expression of split genes},
  journal =      {Trends Biochem. Sci.},
  year =         1984,
  volume =       55,
  pages =        {599-629},
  OPTfiled  =    {},
  OPTmynote =    {},
  OPTpmid =      {},
}
@Article{Haugen05,
  author =       {P. Haugen and D. M. Simon and D. Bhattacharya},
  title =        {The Natural History of Group I Introns},
  journal =      {Trends Genet.},
  year =         2005,
  volume =       21,
  pages =        {111--119},
  OPTfiled  =    {},
  OPTmynote =    {},
  OPTpmid =      15661357,
}
@Article{Hausner14,
  author =       {G. Hausner and M. Hafez and D. R. Edgell},
  title =        {Bacterial Group I Introns: Mobile {RNA} Catalysts},
  journal =      {Mob DNA.},
  year =         2014,
  volume =       5,
  pages =        {8},
  OPTfiled  =    {},
  OPTmynote =    {},
  OPTpmid =      24612670,
}
@Article{Hug16,
  author =       {L. A. Hug and B. J. Baker and K. Anantharaman and C. T. Brown and A. J. Probst and C. J. Castelle and C. N. Butterfield and A. W. Hernsdorf and Y. Amano and K. Ise and Y. Suzuki and N. Dudek and D. A. Relman and FIXME! and K. M. Finstad and R. Amundson and B. C. Thomas and J. F. Banfield and FIXME!},
  title =        {A new View of the Tree of Life},
  journal =      {Nat Microbiol.},
  year =         2016,
  volume =       1,
  pages =        {16048},
  OPTfiled  =    {},
  OPTmynote =    {},
  OPTpmid =      27572647,
}
@Article{Jay15,
  author =       {Z. J. Jay and W. P. Inskeep},
  title =        {The Distribution, Diversity, and Importance of 16S {rRNA} Gene Introns in the Order Thermoproteales},
  journal =      {Biol Direct.},
  year =         2015,
  volume =       10,
  pages =        {35},
  OPTfiled  =    {},
  OPTmynote =    {},
  OPTpmid =      26156036,
}
@Article{Johansen01,
  author =       {S. Johansen and P. Haugen},
  title =        {A new Nomenclature of Group I Introns in Ribosomal {DNA}},
  journal =      {RNA.},
  year =         2001,
  volume =       7,
  pages =        {935--936},
  OPTfiled  =    {},
  OPTmynote =    {},
  OPTpmid =      11453066,
}
@Article{Koonin06,
  author =       {E. V. Koonin and T. G. Senkevich and V. V. Dolja},
  title =        {The Ancient Virus World and Evolution of Cells},
  journal =      {Biol Direct.},
  year =         2006,
  volume =       1,
  pages =        {29},
  OPTfiled  =    {},
  OPTmynote =    {},
}
@Article{Lambowitz11,
  author =       {A. M. Lambowitz and S. Zimmerly},
  title =        {Group {II} Introns: Mobile Ribozymes that Invade DNA},
  journal =      {Cold Spring Harb Perspect Biol.},
  year =         2011,
  volume =       3,
  pages =        {8},
  OPTfiled  =    {},
  OPTmynote =    {},
  OPTpmid =      28818345,
}
@Article{Lebedeva13,
  author =       {E. V. Lebedeva and R. Hatzenpichler and E. Pelletier and N. Schuster and S. Hauzmayer and A. Bulaev and N. V. Grigor'eva and A. Galushko and M. Schmid and M. Palatinszky and D. Le Paslier and H. Daims and M. Wagner},
  title =        {Enrichment and Genome Sequence of the Group I.1a Ammonia-Oxidizing Archaeon "Ca. Nitrosotenuis Uzonensis" Representing a Clade Globally Distributed in Thermal Habitats},
  journal =      {PLoS One.},
  year =         2013,
  volume =       8,
  pages =        {e80835},
  OPTfiled  =    {},
  OPTmynote =    {},
  OPTpmid =      24278328,
}
@Article{Lykke-Andersen97,
  author =       {J. Lykke-Andersen and C. Aagaard and M. Semionenkov and R. A. Garrett},
  title =        {Archaeal Introns: Splicing, Intercellular Mobility and Evolution},
  journal =      {Trends Biochem Sci.},
  year =         1997,
  volume =       22,
  pages =        {326--331},
  OPTfiled  =    {},
  OPTmynote =    {},
  OPTpmid =      9301331,
}
@Article{Michel90,
  author =       {F. Michel and E. Westhof},
  title =        {Modelling of the Three-Dimensional Architecture of Group I Catalytic Introns Based on Comparative Sequence Analysis},
  journal =      {J Mol Biol.},
  year =         1990,
  volume =       216,
  pages =        {585--610},
  OPTfiled  =    {},
  OPTmynote =    {},
  OPTpmid =      2258934,
}
@Article{Narasingarao12,
  author =       {P. Narasingarao and S. Podell and J. A. Ugalde and C. Brochier-Armanet and J. B. Emerson and J. J. Brocks and K. B. Heidelberg and J. F. Banfield and E. E. Allen},
  title =        {De Novo Metagenomic Assembly Reveals Abundant Novel Major Lineage of Archaea in Hypersaline Microbial Communities},
  journal =      {ISME J.},
  year =         2012,
  volume =       6,
  pages =        {81--93},
  OPTfiled  =    {},
  OPTmynote =    {},
  OPTpmid =      21716304,
}
@Article{Nesbo98,
  author =       {C. L. Nesbo and W. F. Doolittle},
  title =        {Active self-splicing group I introns in 23S rRNA genes of hyperthermophilic bacteria, derived from introns in eukaryotic organelles},
  journal =      {Proc Natl Acad Sci U S A.},
  year =         2003,
  volume =       100,
  pages =        {10806--10811},
  OPTfiled  =    {},
  OPTmynote =    {},
  OPTpmid =      12947037,
}
@Article{Novikova17,
  author =       {M. Novikova O1 Belfort},
  title =        {Mobile Group {II} Introns as Ancestral Eukaryotic Elements},
  journal =      {Trends Genet.},
  year =         2017,
  volume =       -1,
  pages =        {-1},
  OPTfiled  =    {},
  OPTmynote =    {},
  OPTpmid =      28818345,
}
@Article{Nunoura05,
  author =       {T. Nunoura and H. Hirayama and H. Takami and H. Oida and S. Nishi and S. Shimamura and Y. Suzuki and F. Inagaki and K. Takai and K. H. Nealson and K. Horikoshi},
  title =        {Genetic and Functional Properties of Uncultivated Thermophilic Crenarchaeotes From a Subsurface Gold Mine as Revealed by Analysis of Genome Fragments},
  journal =      {Environ Microbiol.},
  year =         2005,
  volume =       7,
  pages =        {1967--1984},
  OPTfiled  =    {},
  OPTmynote =    {},
  OPTpmid =      16309394,
}
@Article{Papaioannou14,
  author =       {Papaioannou IA, Dimopoulou CD, Typas MA},
  title =        {Cryptic group-I introns in the nuclear SSU-rRNA gene of Verticillium dahliae},
  journal =      {Curr Genet.},
  year =         2014,
  volume =       60,
  pages =        {135--148},
  OPTfiled  =    {},
  OPTmynote =    {},
  OPTpmid =      24258678,
}
@Article{Podell13,
  author =       {S. Podell and J. A. Ugalde and P. Narasingarao and J. F. Banfield and K. B. Heidelberg and E. E. Allen},
  title =        {Assembly-Driven Community Genomics of a Hypersaline Microbial Ecosystem},
  journal =      {PLoS One.},
  year =         2013,
  volume =       8,
  pages =        {e61692},
  OPTfiled  =    {},
  OPTmynote =    {},
  OPTpmid =      23637883,
}
@Article{Rest03,
  author =       {J. S. Rest and D. P. Mindell},
  title =        {Retroids in Archaea: Phylogeny and Lateral Origins},
  journal =      {Mol Biol Evol.},
  year =         2003,
  volume =       20,
  pages =        {1134--1142},
  OPTfiled  =    {},
  OPTmynote =    {},
  OPTpmid =      12777534,
}
@Article{Rinke13,
  author =       {C. Rinke and P. Schwientek and A. Sczyrba and N. N. Ivanova and I. J. Anderson and J. F. Cheng and A. Darling and S. Malfatti and B. K. Swan and E. A. Gies and J. A. Dodsworth B. P. and Hedlund and G. Tsiamis and S. M. Sievert and W. T. Liu and J. A. Eisen and S. J. Hallam and N. C. Kyrpides and R. Stepanauskas and E. M. Rubin and P. Hugenholtz and T. Woyke},
  title =        {Insights into the phylogeny and coding potential of microbial dark matter},
  journal =      {Nature.},
  year =         2013,
  volume =       499,
  pages =        {431--437},
  OPTfiled  =    {},
  OPTmynote =    {},
  OPTpmid =      23851394,
}
@Article{Sharp85,
  author =       {P. A. Sharp},
  title =        {On the Origin of {RNA} Splicing and Introns},
  journal =      {Cell.},
  year =         1985,
  volume =       42,
  pages =        {397--400},
  OPTfiled  =    {},
  OPTmynote =    {},
  OPTpmid =      2411416,
}
@Article{Simon08,
  author =       {D. M. Simon, N. A. Clarke, B. A. McNeil, I. Johnson, D. Pantuso, L. Dai, D. Chai, S. Zimmerly},
  title =        {1},
  journal =      {RNA.},
  year =         2008,
  volume =       14,
  pages =        {1704--1713},
  OPTfiled  =    {},
  OPTmynote =    {},
  OPTpmid =      18676618,
}
@Article{Tocchini05,
  author =       {G. D. Tocchini-Valentini and P. Fruscoloni and G. P. Tocchini-Valentini},
  title =        {Structure, Function, and Evolution of the {tRNA} Endonucleases of Archaea: an Example of Subfunctionalization},
  journal =      {Proc Natl Acad Sci U S A.},
  year =         2005,
  volume =       102,
  pages =        {8933--8938},
  OPTfiled  =    {},
  OPTmynote =    {},
  OPTpmid =      15937113,
}
@Article{Tocchini2011,
  author =       {Tocchini-Valentini GD, Fruscoloni P, Tocchini-Valentini GP},
  title =        {10.1073/pnas.1100862108. Epub 2011 Mar 7},
  journal =      {Proc Natl Acad Sci U S A.},
  year =         2011,
  volume =       108,
  pages =        {4782--4787},
  OPTfiled  =    {},
  OPTmynote =    {},
  OPTpmid =      21383132,
}
