@Article{Aagaard95,
  author =       {C. Aagaard and J. Z. Dalgaard and R. A. Garrett},
  title =        {Intercellular Mobility and Homing of an Archaeal {rDNA} Intron Confers a Selective Advantage Over Intron Cells of Sulfolobus Acidocaldarius},
  journal =      {Proc Natl Acad Sci U S A.},
  year =         1995,
  volume =       92,
  pages =        {12285--12289},
  OPTfiled  =    {},
  OPTmynote =    {},
  OPTpmid =      8618886,
}
