@Article{Adam17,
  author =       {P. S. Adam and G. Borrel and C. Brochier-Armanet and S. Gribaldo},
  title =        {The Growing Tree of Archaea: new Perspectives on Their Diversity, Evolution and Ecology},
  journal =      {ISME J.},
  year =         2017,
  volume =       -1,
  pages =        {-1},
  OPTfiled  =    {},
  OPTmynote =    {},
  OPTpmid =      28777382,
}
