@Article{Baker16,
  author =       {B. J. Baker and J. H. Saw and A. E. Lind and C. S. Lazar and K. U. Hinrichs and A. P. Teske and T. J. Ettema},
  title =        {Genomic Inference of the Metabolism of Cosmopolitan Subsurface Archaea, Hadesarchaea},
  journal =      {Nat Microbiol.},
  year =         2016,
  volume =       1,
  pages =        {16002},
  OPTfiled  =    {},
  OPTmynote =    {},
  OPTpmid =      27572167,
}
