@Article{Belfort97,
  author =       {M. Belfort and R. J. Roberts},
  title =        {Homing Endonucleases: Keeping the House in Order},
  journal =      {Nucleic Acids Res.},
  year =         1997,
  volume =       25,
  pages =        {3379--3388},
  OPTfiled  =    {},
  OPTmynote =    {},
  OPTpmid =      9254693,
}
