@Article{Burke88,
  author =       {J. M. Burke},
  title =        {Molecular Genetics of Group I Introns: {RNA} Structures and Protein Factors Required for Splicing--a Review},
  journal =      {Gene.},
  year =         1988,
  volume =       73,
  pages =        {273--294},
  OPTfiled  =    {},
  OPTmynote =    {},
  OPTpmid =      3072260,
}
