@Article{Cannone02,
  author =       {J. J. Cannone and S. Subramanian and M. N. Schnare and J. R. Collett and L. M. D'Souza and Y. Du and B. Feng and N. Lin and L. V. Madabusi and K. M. Muller and N. Pande and Z. Shang and N. Yu and R. R. Gutell},
  title =        {The Comparative {RNA} web {(CRW)} Site: an Online Database of Comparative Sequence and Structure Information for Ribosomal, Intron, and Other {RNAs}},
  journal =      {BMC Bioinformatics.},
  year =         2002,
  volume =       3,
  pages =        {2},
  OPTfiled  =    {},
  OPTmynote =    {},
  OPTpmid =      11869452,
}
