@Article{Castelle,
  author =       {C. J. Castelle and K. C. Wrighton and B. C. Thomas and L.A. Hug and C. T. Brown and M. J. Wilkins and K. R. Frischkorn and S. G. Tringe and A. Singh and L. M. Markillie and R. C. Taylor and K. H. Williams and J. F. Banfield},
  title =        {Genomic expansion of domain archaea highlights roles for organisms from new phyla in anaerobic carbon cycling},
  journal =      {Curr Biol.},
  year =         2015,
  volume =       25,
  pages =        {690--701},
  OPTfiled  =    {},
  OPTmynote =    {},
  OPTpmid =      ,
}
