@Article{Cech88,
  author =       {T. R. Cech},
  title =        {Conserved Sequences and Structures of Group I Introns: Building an Active Site for {RNA} Catalysis--a Review},
  journal =      {Gene.},
  year =         1988,
  volume =       73,
  pages =        {259--271},
  OPTfiled  =    {},
  OPTmynote =    {},
  OPTpmid =      3072259,
}
