@Article{Cech82,
  author =       {K. Kruger and P. J. Grabowski and A. J. Zaug and J. Sands and D. E. Gottschling and T. R. Cech},
  title =        {Self-Splicing {RNA:} Autoexcision and Autocyclization of the Ribosomal {RNA} Intervening Sequence of Tetrahymena},
  journal =      {Cell.},
  year =         1982,
  volume =       31,
  pages =        {147--157},
  OPTfiled  =    {},
  OPTmynote =    {},
  OPTpmid =      6297745,
}
