@Article{Cech90,
  author =       {T. R. Cech},
  title =        {Self-Splicing of Group I Introns},
  journal =      {Annu Rev Biochem.},
  year =         1990,
  volume =       59,
  pages =        {543--568},
  OPTfiled  =    {},
  OPTmynote =    {},
  OPTpmid =      2197983,
}
