@Article{Fabbri98,
  author =       {S. Fabbri and P. Fruscoloni and E. Bufardeci and E. Di Nicola Negri and M. I. Baldi and D. G. Attardi and E. Mattoccia and G. P. Tocchini-Valentini},
  title =        {Conservation of Substrate Recognition Mechanisms by {tRNA} Splicing Endonucleases},
  journal =      {Science.},
  year =         1998,
  volume =       280,
  pages =        {284--286},
  OPTfiled  =    {},
  OPTmynote =    {},
  OPTpmid =      9535657,
}
