@Article{Goddard99,
  author =       {M. R. Goddard and A. Burt},
  title =        {Recurrent Invasion and Extinction of a Selfish Gene},
  journal =      {Proc Natl Acad Sci U S A.},
  year =         1999,
  volume =       96,
  pages =        {13880--13885},
  OPTfiled  =    {},
  OPTmynote =    {},
  OPTpmid =      10570167,
}
