@Article{Greer84,
  author =       {C. L. Greer and J. Abelson},
  title =        {RNA Splicing: rearrangement of RNA sequences in the expression of split genes},
  journal =      {Trends Biochem. Sci.},
  year =         1984,
  volume =       55,
  pages =        {599-629},
  OPTfiled  =    {},
  OPTmynote =    {},
  OPTpmid =      {},
}
