@Article{Haugen05,
  author =       {P. Haugen and D. M. Simon and D. Bhattacharya},
  title =        {The Natural History of Group I Introns},
  journal =      {Trends Genet.},
  year =         2005,
  volume =       21,
  pages =        {111--119},
  OPTfiled  =    {},
  OPTmynote =    {},
  OPTpmid =      15661357,
}
