@Article{Hausner14,
  author =       {G. Hausner and M. Hafez and D. R. Edgell},
  title =        {Bacterial Group I Introns: Mobile {RNA} Catalysts},
  journal =      {Mob DNA.},
  year =         2014,
  volume =       5,
  pages =        {8},
  OPTfiled  =    {},
  OPTmynote =    {},
  OPTpmid =      24612670,
}
