@Article{Hug16,
  author =       {L. A. Hug and B. J. Baker and K. Anantharaman and C. T. Brown and A. J. Probst and C. J. Castelle and C. N. Butterfield and A. W. Hernsdorf and Y. Amano and K. Ise and Y. Suzuki and N. Dudek and D. A. Relman and FIXME! and K. M. Finstad and R. Amundson and B. C. Thomas and J. F. Banfield and FIXME!},
  title =        {A new View of the Tree of Life},
  journal =      {Nat Microbiol.},
  year =         2016,
  volume =       1,
  pages =        {16048},
  OPTfiled  =    {},
  OPTmynote =    {},
  OPTpmid =      27572647,
}
