@Article{Jay15,
  author =       {Z. J. Jay and W. P. Inskeep},
  title =        {The Distribution, Diversity, and Importance of 16S {rRNA} Gene Introns in the Order Thermoproteales},
  journal =      {Biol Direct.},
  year =         2015,
  volume =       10,
  pages =        {35},
  OPTfiled  =    {},
  OPTmynote =    {},
  OPTpmid =      26156036,
}
