@Article{Johansen01,
  author =       {S. Johansen and P. Haugen},
  title =        {A new Nomenclature of Group I Introns in Ribosomal {DNA}},
  journal =      {RNA.},
  year =         2001,
  volume =       7,
  pages =        {935--936},
  OPTfiled  =    {},
  OPTmynote =    {},
  OPTpmid =      11453066,
}
