@Article{Koonin06,
  author =       {E. V. Koonin and T. G. Senkevich and V. V. Dolja},
  title =        {The Ancient Virus World and Evolution of Cells},
  journal =      {Biol Direct.},
  year =         2006,
  volume =       1,
  pages =        {29},
  OPTfiled  =    {},
  OPTmynote =    {},
  OPTpmid =      ,
}
