@Article{Lambowitz11,
  author =       {A. M. Lambowitz and S. Zimmerly},
  title =        {Group {II} Introns: Mobile Ribozymes that Invade DNA},
  journal =      {Cold Spring Harb Perspect Biol.},
  year =         2011,
  volume =       3,
  pages =        {8},
  OPTfiled  =    {},
  OPTmynote =    {},
  OPTpmid =      28818345,
}
