@Article{Lebedeva13,
  author =       {E. V. Lebedeva and R. Hatzenpichler and E. Pelletier and N. Schuster and S. Hauzmayer and A. Bulaev and N. V. Grigor'eva and A. Galushko and M. Schmid and M. Palatinszky and D. Le Paslier and H. Daims and M. Wagner},
  title =        {Enrichment and Genome Sequence of the Group I.1a Ammonia-Oxidizing Archaeon "Ca. Nitrosotenuis Uzonensis" Representing a Clade Globally Distributed in Thermal Habitats},
  journal =      {PLoS One.},
  year =         2013,
  volume =       8,
  pages =        {e80835},
  OPTfiled  =    {},
  OPTmynote =    {},
  OPTpmid =      24278328,
}
