@Article{Lykke-Andersen97,
  author =       {J. Lykke-Andersen and C. Aagaard and M. Semionenkov and R. A. Garrett},
  title =        {Archaeal Introns: Splicing, Intercellular Mobility and Evolution},
  journal =      {Trends Biochem Sci.},
  year =         1997,
  volume =       22,
  pages =        {326--331},
  OPTfiled  =    {},
  OPTmynote =    {},
  OPTpmid =      9301331,
}
