@Article{Michel90,
  author =       {F. Michel and E. Westhof},
  title =        {Modelling of the Three-Dimensional Architecture of Group I Catalytic Introns Based on Comparative Sequence Analysis},
  journal =      {J Mol Biol.},
  year =         1990,
  volume =       216,
  pages =        {585--610},
  OPTfiled  =    {},
  OPTmynote =    {},
  OPTpmid =      2258934,
}
