@Article{Narasingarao12,
  author =       {P. Narasingarao and S. Podell and J. A. Ugalde and C. Brochier-Armanet and J. B. Emerson and J. J. Brocks and K. B. Heidelberg and J. F. Banfield and E. E. Allen},
  title =        {De Novo Metagenomic Assembly Reveals Abundant Novel Major Lineage of Archaea in Hypersaline Microbial Communities},
  journal =      {ISME J.},
  year =         2012,
  volume =       6,
  pages =        {81--93},
  OPTfiled  =    {},
  OPTmynote =    {},
  OPTpmid =      21716304,
}
