@Article{Nesbo98,
  author =       {C. L. Nesbo and W. F. Doolittle},
  title =        {Active self-splicing group I introns in 23S rRNA genes of hyperthermophilic bacteria, derived from introns in eukaryotic organelles},
  journal =      {Proc Natl Acad Sci U S A.},
  year =         2003,
  volume =       100,
  pages =        {10806--10811},
  OPTfiled  =    {},
  OPTmynote =    {},
  OPTpmid =      12947037,
}
