@Article{Novikova17,
  author =       {M. Novikova O1 Belfort},
  title =        {Mobile Group {II} Introns as Ancestral Eukaryotic Elements},
  journal =      {Trends Genet.},
  year =         2017,
  volume =       -1,
  pages =        {-1},
  OPTfiled  =    {},
  OPTmynote =    {},
  OPTpmid =      28818345,
}
