@Article{Nunoura05,
  author =       {T. Nunoura and H. Hirayama and H. Takami and H. Oida and S. Nishi and S. Shimamura and Y. Suzuki and F. Inagaki and K. Takai and K. H. Nealson and K. Horikoshi},
  title =        {Genetic and Functional Properties of Uncultivated Thermophilic Crenarchaeotes From a Subsurface Gold Mine as Revealed by Analysis of Genome Fragments},
  journal =      {Environ Microbiol.},
  year =         2005,
  volume =       7,
  pages =        {1967--1984},
  OPTfiled  =    {},
  OPTmynote =    {},
  OPTpmid =      16309394,
}
