@Article{Papaioannou14,
  author =       {Papaioannou IA, Dimopoulou CD, Typas MA}
  title =        {10.1007/s00294-013-0417-7. Epub 2013 Nov 21},
  journal =      {Curr Genet.},
  year =         2014,
  volume =       60,
  pages =        {135--148},
  OPTfiled  =    {},
  OPTmynote =    {},
  OPTpmid =      24258678,
}
