@Article{Podell13,
  author =       {S. Podell and J. A. Ugalde and P. Narasingarao and J. F. Banfield and K. B. Heidelberg and E. E. Allen},
  title =        {Assembly-Driven Community Genomics of a Hypersaline Microbial Ecosystem},
  journal =      {PLoS One.},
  year =         2013,
  volume =       8,
  pages =        {e61692},
  OPTfiled  =    {},
  OPTmynote =    {},
  OPTpmid =      23637883,
}
