@Article{Rest03,
  author =       {J. S. Rest and D. P. Mindell},
  title =        {Retroids in Archaea: Phylogeny and Lateral Origins},
  journal =      {Mol Biol Evol.},
  year =         2003,
  volume =       20,
  pages =        {1134--1142},
  OPTfiled  =    {},
  OPTmynote =    {},
  OPTpmid =      12777534,
}
