@Article{Rinke13,
  author =       {C. Rinke and P. Schwientek and A. Sczyrba and N. N. Ivanova and I. J. Anderson and J. F. Cheng and A. Darling and S. Malfatti and B. K. Swan and E. A. Gies and J. A. Dodsworth B. P. and Hedlund and G. Tsiamis and S. M. Sievert and W. T. Liu and J. A. Eisen and S. J. Hallam and N. C. Kyrpides and R. Stepanauskas and E. M. Rubin and P. Hugenholtz and T. Woyke},
  title =        {Insights into the phylogeny and coding potential of microbial dark matter},
  journal =      {Nature.},
  year =         2013,
  volume =       499,
  pages =        {431--437},
  OPTfiled  =    {},
  OPTmynote =    {},
  OPTpmid =      23851394,
}
