@Article{Sharp85,
  author =       {P. A. Sharp},
  title =        {On the Origin of {RNA} Splicing and Introns},
  journal =      {Cell.},
  year =         1985,
  volume =       42,
  pages =        {397--400},
  OPTfiled  =    {},
  OPTmynote =    {},
  OPTpmid =      2411416,
}
