@Article{Simon08,
  author =       {D. M. Simon, N. A. Clarke, B. A. McNeil, I. Johnson, D. Pantuso, L. Dai, D. Chai, S. Zimmerly},
  title =        {1},
  journal =      {RNA.},
  year =         2008,
  volume =       14,
  pages =        {1704--1713},
  OPTfiled  =    {},
  OPTmynote =    {},
  OPTpmid =      18676618,
}
