@Article{Tocchini05,
  author =       {G. D. Tocchini-Valentini and P. Fruscoloni and G. P. Tocchini-Valentini},
  title =        {Structure, Function, and Evolution of the {tRNA} Endonucleases of Archaea: an Example of Subfunctionalization},
  journal =      {Proc Natl Acad Sci U S A.},
  year =         2005,
  volume =       102,
  pages =        {8933--8938},
  OPTfiled  =    {},
  OPTmynote =    {},
  OPTpmid =      15937113,
}
