@Article{Tocchini2011,
  author =       {Tocchini-Valentini GD, Fruscoloni P, Tocchini-Valentini GP},
  title =        {10.1073/pnas.1100862108. Epub 2011 Mar 7},
  journal =      {Proc Natl Acad Sci U S A.},
  year =         2011,
  volume =       108,
  pages =        {4782--4787},
  OPTfiled  =    {},
  OPTmynote =    {},
  OPTpmid =      21383132,
}
